<record><leader>00000cas a22000007a 4500</leader><controlfield tag="001">31110468</controlfield><controlfield tag="008">940914d19391939waudr ne      0   a0eng d</controlfield><datafield ind1=" " ind2=" " tag="010"><subfield code="a">sn 98060220 </subfield></datafield><datafield ind1=" " ind2=" " tag="040"><subfield code="a">UAF</subfield><subfield code="b">eng</subfield><subfield code="c">UAF</subfield><subfield code="d">ANE</subfield><subfield code="d">OCLCQ</subfield><subfield code="d">OCLCF</subfield><subfield code="d">OCLCO</subfield></datafield><datafield ind1=" " ind2=" " tag="042"><subfield code="a">msc</subfield></datafield><datafield ind1=" " ind2=" " tag="043"><subfield code="a">n-us-ak</subfield></datafield><datafield ind1="0" ind2="0" tag="245"><subfield code="a">Yukon trail.</subfield></datafield><datafield ind1=" " ind2=" " tag="260"><subfield code="a">[Seattle] :</subfield><subfield code="b">Alaska Steamship Co.</subfield></datafield><datafield ind1=" " ind2=" " tag="300"><subfield code="a">v.</subfield></datafield><datafield ind1=" " ind2=" " tag="310"><subfield code="a">Daily</subfield></datafield><datafield ind1="1" ind2=" " tag="362"><subfield code="a">Began and ceased in 1939.</subfield></datafield><datafield ind1=" " ind2=" " tag="500"><subfield code="a">Published aboard the Steamship Yukon.</subfield></datafield><datafield ind1=" " ind2=" " tag="588"><subfield code="a">Description based on: Oct 28, 1939.</subfield></datafield><datafield ind1=" " ind2="0" tag="650"><subfield code="a">Ship newspapers</subfield><subfield code="z">Alaska.</subfield></datafield><datafield ind1=" " ind2="7" tag="650"><subfield code="a">Ship newspapers.</subfield><subfield code="2">fast</subfield><subfield code="0">(OCoLC)fst01116186</subfield></datafield><datafield ind1=" " ind2="7" tag="651"><subfield code="a">Alaska.</subfield><subfield code="2">fast</subfield><subfield code="0">(OCoLC)fst01204480</subfield></datafield><datafield ind1="2" ind2=" " tag="710"><subfield code="a">Alaska Steamship Co.</subfield></datafield></record>